@article{Accadia2011,
author = {Accadia, T and Acernese, F and Antonucci, F and Astone, P and Ballardin, G and Barone, F and Barsuglia, M and Basti, A and Bauer, Th S and Bebronne, M and Beker, M G and Belletoile, A and Birindelli, S and Bitossi, M and Bizouard, M A and Blom, M and Bondu, F and Bonelli, L and Bonnand, R and Boschi, V and Bosi, L and Bouhou, B and Braccini, S and Bradaschia, C and Branchesi, M and Briant, T and Brillet, A and Brisson, V and Budzy{\'n}ski, R and Bulik, T and Bulten, H J and Buskulic, D and Buy, C and Cagnoli, G and Calloni, E and Canuel, B and Carbognani, F and Cavalier, F and Cavalieri, R and Cella, G and Cesarini, E and Chaibi, O and {Chassande Mottin}, E and Chincarini, A and Cleva, F and Coccia, E and Cohadon, P-F and Colacino, C N and Colas, J and Colla, A and Colombini, M and Corsi, A and Coulon, J-P and Cuoco, E and D'Antonio, S and Dattilo, V and Davier, M and Day, R and {De Rosa}, R and Debreczeni, G and Pozzo, W Del and del Prete, M and {Di Fiore}, L and {Di Lieto}, A and {Di Paolo Emilio}, M and {Di Virgilio}, A and Dietz, A and Drago, M and Fafone, V and Ferrante, I and Fidecaro, F and Fiori, I and Flaminio, R and Forte, L A and Fournier, J-D and Franc, J and Frasca, S and Frasconi, F and Galimberti, M and Gammaitoni, L and Garufi, F and G{\'a}sp{\'a}r, M E and Gemme, G and Genin, E and Gennai, A and Giazotto, A and Gouaty, R and Granata, M and Greverie, C and Guidi, G M and Hayau, J-F and Heidmann, A and Heitmann, H and Hello, P and Huet, D and Jaranowski, P and Kowalska, I and Kr{\'o}lak, A and Leroy, N and Letendre, N and Li, T G F and Liguori, N and Lorenzini, M and Loriette, V and Losurdo, G and Majorana, E and Maksimovic, I and Man, N and Mantovani, M and Marchesoni, F and Marion, F and Marque, J and Martelli, F and Masserot, A and Michel, C and Milano, L and Minenkov, Y and Mohan, M and Morgado, N and Morgia, A and Mosca, S and Moscatelli, V and Mours, B and Nocera, F and Pagliaroli, G and Palladino, L and Palomba, C and Paoletti, F and Parisi, M and Pasqualetti, A and Passaquieti, R and Passuello, D and Persichetti, G and Pichot, M and Piergiovanni, F and Pietka, M and Pinard, L and Poggiani, R and Prato, M and Prodi, G A and Punturo, M and Puppo, P and Rabeling, D S and R{\'a}cz, I and Rapagnani, P and Re, V and Regimbau, T and Ricci, F and Robinet, F and Rocchi, A and Rolland, L and Romano, R and Rosi{\'n}ska, D and Ruggi, P and Sassolas, B and Sentenac, D and Sperandio, L and Sturani, R and Swinkels, B and Tacca, M and Taffarello, L and Toncelli, A and Tonelli, M and Torre, O and Tournefier, E and Travasso, F and Vajente, G and van den Brand, J F J and {Van Den Broeck}, C and van der Putten, S and Vasuth, M and Vavoulidis, M and Vedovato, G and Verkindt, D and Vetrano, F and Vicer{\'e}, A and Vinet, J-Y and Vitale, S and Vocca, H and Ward, R L and Was, M and Yvert, M and Zendri, J-P},
doi = {10.1088/0264-9381/28/11/114002},
issn = {0264-9381},
journal = {Classical and Quantum Gravity},
month = jun,
number = {11},
pages = {114002},
title = {{Status of the Virgo project}},
volume = {28},
year = {2011}
}
@article{Cutler1994,
archivePrefix = {arXiv},
arxivId = {gr-qc/9402014},
author = {Cutler, Curt and Flanagan, {\'{E}}anna E.},
doi = {10.1103/PhysRevD.49.2658},
eprint = {9402014},
issn = {0556-2821},
journal = {Physical Review D},
month = mar,
number = {6},
pages = {2658--2697},
primaryClass = {gr-qc},
title = {{Gravitational waves from merging compact binaries: How accurately can one extract the binary's parameters from the inspiral waveform?}},
volume = {49},
year = {1994}
}
@article{Finn1992,
archivePrefix = {arXiv},
arxivId = {gr-qc/9209010},
author = {Finn, Lee S.},
doi = {10.1103/PhysRevD.46.5236},
eprint = {9209010},
issn = {0556-2821},
journal = {Physical Review D},
month = dec,
number = {12},
pages = {5236--5249},
primaryClass = {gr-qc},
title = {{Detection, measurement, and gravitational radiation}},
volume = {46},
year = {1992}
}
@article{Ade2014,
archivePrefix = {arXiv},
arxivId = {1403.3985},
author = {Ade, P. A. R. and Aikin, R. W. and Barkats, D. and Benton, S. J. and Bischoff, C. A. and Bock, J. J. and Brevik, J. A. and Buder, I. and Bullock, E. and Dowell, C. D. and Duband, L. and Filippini, J. P. and Fliescher, S. and Golwala, S. R. and Halpern, M. and Hasselfield, M. and Hildebrandt, S. R. and Hilton, G. C. and Hristov, V. V. and Irwin, K. D. and Karkare, K. S. and Kaufman, J. P. and Keating, B. G. and Kernasovskiy, S. A. and Kovac, J. M. and Kuo, C. L. and Leitch, E. M. and Lueker, M. and Mason, P. and Netterfield, C. B. and Nguyen, H. T. and Oâ€™Brient, R. and Ogburn, R. W. and Orlando, A. and Pryke, C. and Reintsema, C. D. and Richter, S. and Schwarz, R. and Sheehy, C. D. and Staniszewski, Z. K. and Sudiwala, R. V. and Teply, G. P. and Tolan, J. E. and Turner, A. D. and Vieregg, A. G. and Wong, C. L. and Yoon, K. W.},
doi = {10.1103/PhysRevLett.112.241101},
eprint = {1403.3985},
issn = {0031-9007},
journal = {Physical Review Letters},
month = jun,
number = {24},
pages = {241101},
title = {{Detection of B-Mode Polarization at Degree Angular Scales by BICEP2}},
volume = {112},
year = {2014}
}
@article{Grishchuk2005,
archivePrefix = {arXiv},
arxivId = {gr-qc/0504018},
author = {Grishchuk, Leonid P},
doi = {10.1070/PU2005v048n12ABEH005795},
eprint = {0504018},
issn = {1063-7869},
journal = {Physics-Uspekhi},
month = dec,
number = {12},
pages = {1235--1247},
primaryClass = {gr-qc},
title = {{Relic gravitational waves and cosmology}},
volume = {48},
year = {2005}
}
@article{Binetruy2012,
abstract = {We review several cosmological backgrounds of gravitational waves accessible to direct-detection experiments, with a special emphasis on those backgrounds due to first-order phase transitions and networks of cosmic (super-)strings. For these two particular sources, we revisit in detail the computation of the gravitational wave background and improve the results of previous works in the literature. We apply our results to identify the scientific potential of the NGO/eLISA mission of ESA regarding the detectability of cosmological backgrounds.},
archivePrefix = {arXiv},
arxivId = {1201.0983},
author = {Bin{\'e}truy, Pierre and Boh{\'e}, Alejandro and Caprini, Chiara and Dufaux, Jean-Fran{\c{c}}ois},
doi = {10.1088/1475-7516/2012/06/027},
eprint = {1201.0983},
issn = {1475-7516},
journal = {Journal of Cosmology and Astroparticle Physics},
language = {en},
month = jun,
number = {06},
pages = {027},
title = {{Cosmological backgrounds of gravitational waves and eLISA/NGO: phase transitions, cosmic strings and other sources}},
volume = {2012},
year = {2012}
}
@article{Damour2005,
archivePrefix = {arXiv},
arxivId = {hep-th/0410222},
author = {Damour, Thibault and Vilenkin, Alexander},
doi = {10.1103/PhysRevD.71.063510},
eprint = {0410222},
issn = {1550-7998},
journal = {Physical Review D},
month = mar,
number = {6},
pages = {063510},
primaryClass = {hep-th},
title = {{Gravitational radiation from cosmic (super)strings: Bursts, stochastic background, and observational windows}},
volume = {71},
year = {2005}
}
@ARTICLE{Sesana,
   author = {{Sesana}, A.},
    title = "{Systematic investigation of the expected gravitational wave signal from supermassive black hole binaries in the pulsar timing band}",
  journal = {ArXiv e-prints},
archivePrefix = "arXiv",
   eprint = {1211.5375},
 primaryClass = "astro-ph.CO",
 keywords = {Astrophysics - Cosmology and Extragalactic Astrophysics, General Relativity and Quantum Cosmology},
     year = 2012,
    month = nov,
   adsurl = {http://adsabs.harvard.edu/abs/2012arXiv1211.5375S},
  adsnote = {Provided by the SAO/NASA Astrophysics Data System}
}
@ARTICLE{SesanaVecchioColancino,
   author = {{Sesana}, A. and {Vecchio}, A. and {Colacino}, C.~N.},
    title = "{The stochastic gravitational-wave background from massive black hole binary systems: implications for observations with Pulsar Timing Arrays}",
  journal = {mn},
archivePrefix = "arXiv",
   eprint = {0804.4476},
 keywords = {black hole physics , gravitational waves , pulsars: general , cosmology: theory},
     year = 2008,
    month = oct,
   volume = 390,
    pages = {192-209},
      doi = {10.1111/j.1365-2966.2008.13682.x},
   adsurl = {http://adsabs.harvard.edu/abs/2008MNRAS.390..192S},
  adsnote = {Provided by the SAO/NASA Astrophysics Data System}
}

@ARTICLE{Haasteren,
   author = {{van Haasteren}, R. and {Levin}, Y. and {Janssen}, G.~H. and 
	{Lazaridis}, K. and {Kramer}, M. and {Stappers}, B.~W. and {Desvignes}, G. and 
	{Purver}, M.~B. and {Lyne}, A.~G. and {Ferdman}, R.~D. and {Jessner}, A. and 
	{Cognard}, I. and {Theureau}, G. and {D'Amico}, N. and {Possenti}, A. and 
	{Burgay}, M. and {Corongiu}, A. and {Hessels}, J.~W.~T. and 
	{Smits}, R. and {Verbiest}, J.~P.~W.},
    title = "{Placing limits on the stochastic gravitational-wave background using European Pulsar Timing Array data}",
  journal = {mn},
archivePrefix = "arXiv",
   eprint = {1103.0576},
 primaryClass = "astro-ph.CO",
 keywords = {gravitational waves, methods: data analysis, pulsars: general},
     year = 2011,
    month = jul,
   volume = 414,
    pages = {3117-3128},
      doi = {10.1111/j.1365-2966.2011.18613.x},
   adsurl = {http://adsabs.harvard.edu/abs/2011MNRAS.414.3117V},
  adsnote = {Provided by the SAO/NASA Astrophysics Data System}
}

@ARTICLE{Jenet,
   author = {{Jenet}, F.~A. and {Hobbs}, G.~B. and {van Straten}, W. and 
	{Manchester}, R.~N. and {Bailes}, M. and {Verbiest}, J.~P.~W. and 
	{Edwards}, R.~T. and {Hotan}, A.~W. and {Sarkissian}, J.~M. and 
	{Ord}, S.~M.},
    title = "{Upper Bounds on the Low-Frequency Stochastic Gravitational Wave Background from Pulsar Timing Observations: Current Limits and Future Prospects}",
  journal = {apj},
   eprint = {arXiv:astro-ph/0609013},
 keywords = {Gravitational Waves, Stars: Pulsars: General},
     year = 2006,
    month = dec,
   volume = 653,
    pages = {1571-1576},
      doi = {10.1086/508702},
   adsurl = {http://adsabs.harvard.edu/abs/2006ApJ...653.1571J},
  adsnote = {Provided by the SAO/NASA Astrophysics Data System}
}

@ARTICLE{HellingsDowns,
   author = {{Hellings}, R.~W. and {Downs}, G.~S.},
    title = "{Upper limits on the isotropic gravitational radiation background from pulsar timing analysis}",
  journal = {apjl},
 keywords = {BACKGROUND RADIATION, COSMOLOGY, GRAVITATIONAL WAVES, PULSARS, TIME MEASUREMENT, DOPPLER EFFECT, GRAVITATION THEORY, GRAVITATIONAL WAVE ANTENNAS, ISOTROPY, LIMITS (MATHEMATICS), PERTURBATION THEORY, POWER SPECTRA, SPECTRAL ENERGY DISTRIBUTION, STOCHASTIC PROCESSES},
     year = 1983,
    month = feb,
   volume = 265,
    pages = {L39-L42},
      doi = {10.1086/183954},
   adsurl = {http://adsabs.harvard.edu/abs/1983ApJ...265L..39H},
  adsnote = {Provided by the SAO/NASA Astrophysics Data System}
}

@ARTICLE{Sesana-2012,
   author = {{Sesana}, A.},
    title = "{Systematic investigation of the expected gravitational wave signal from supermassive black hole binaries in the pulsar timing band}",
  journal = {ArXiv e-prints},
archivePrefix = "arXiv",
   eprint = {1211.5375},
 primaryClass = "astro-ph.CO",
 keywords = {Astrophysics - Cosmology and Extragalactic Astrophysics, General Relativity and Quantum Cosmology},
     year = 2012,
    month = nov,
   adsurl = {http://adsabs.harvard.edu/abs/2012arXiv1211.5375S},
  adsnote = {Provided by the SAO/NASA Astrophysics Data System}
}

@ARTICLE{Amaro-Seoane-et-al,
   author = {{Amaro-Seoane}, P. and {Aoudia}, S. and {Babak}, S. and {Bin{\'e}truy}, P. and 
	{Berti}, E. and {Boh{\'e}}, A. and {Caprini}, C. and {Colpi}, M. and 
	{Cornish}, N.~J. and {Danzmann}, K. and {Dufaux}, J.-F. and 
	{Gair}, J. and {Jennrich}, O. and {Jetzer}, P. and {Klein}, A. and 
	{Lang}, R.~N. and {Lobo}, A. and {Littenberg}, T. and {McWilliams}, S.~T. and 
	{Nelemans}, G. and {Petiteau}, A. and {Porter}, E.~K. and {Schutz}, B.~F. and 
	{Sesana}, A. and {Stebbins}, R. and {Sumner}, T. and {Vallisneri}, M. and 
	{Vitale}, S. and {Volonteri}, M. and {Ward}, H.},
    title = "{eLISA: Astrophysics and cosmology in the millihertz regime}",
  journal = {ArXiv e-prints},
archivePrefix = "arXiv",
   eprint = {1201.3621},
 primaryClass = "astro-ph.CO",
 keywords = {Astrophysics - Cosmology and Extragalactic Astrophysics, Astrophysics - Galaxy Astrophysics, General Relativity and Quantum Cosmology},
     year = 2012,
    month = jan,
   adsurl = {http://adsabs.harvard.edu/abs/2012arXiv1201.3621A},
  adsnote = {Provided by the SAO/NASA Astrophysics Data System}
}
@ARTICLE{2012CQGra..29l4016A,
   author = {{Amaro-Seoane}, P. and {Aoudia}, S. and {Babak}, S. and {Bin{\'e}truy}, P. and 
	{Berti}, E. and {Boh{\'e}}, A. and {Caprini}, C. and {Colpi}, M. and 
	{Cornish}, N.~J. and {Danzmann}, K. and {Dufaux}, J.-F. and 
	{Gair}, J. and {Jennrich}, O. and {Jetzer}, P. and {Klein}, A. and 
	{Lang}, R.~N. and {Lobo}, A. and {Littenberg}, T. and {McWilliams}, S.~T. and 
	{Nelemans}, G. and {Petiteau}, A. and {Porter}, E.~K. and {Schutz}, B.~F. and 
	{Sesana}, A. and {Stebbins}, R. and {Sumner}, T. and {Vallisneri}, M. and 
	{Vitale}, S. and {Volonteri}, M. and {Ward}, H.},
    title = "{Low-frequency gravitational-wave science with eLISA/NGO}",
  journal = {cqg},
archivePrefix = "arXiv",
   eprint = {1202.0839},
 primaryClass = "gr-qc",
     year = 2012,
    month = jun,
   volume = 29,
   number = 12,
      eid = {124016},
    pages = {124016},
      doi = {10.1088/0264-9381/29/12/124016},
   adsurl = {http://adsabs.harvard.edu/abs/2012CQGra..29l4016A},
  adsnote = {Provided by the SAO/NASA Astrophysics Data System}
}

@ARTICLE{Gairetal,
   author = {{Gair}, J.~R. and {Vallisneri}, M. and {Larson}, S.~L. and {Baker}, J.~G.
	},
    title = "{Testing General Relativity with Low-Frequency, Space-Based Gravitational-Wave Detectors}",
  journal = {ArXiv e-prints},
archivePrefix = "arXiv",
   eprint = {1212.5575},
 primaryClass = "gr-qc",
 keywords = {General Relativity and Quantum Cosmology},
     year = 2012,
    month = dec,
   adsurl = {http://adsabs.harvard.edu/abs/2012arXiv1212.5575G},
  adsnote = {Provided by the SAO/NASA Astrophysics Data System}
}

@ARTICLE{2011PhRvD..83d4011Y,
   author = {{Yagi}, K. and {Seto}, N.},
    title = "{Detector configuration of DECIGO/BBO and identification of cosmological neutron-star binaries}",
  journal = {prd},
archivePrefix = "arXiv",
   eprint = {1101.3940},
 primaryClass = "astro-ph.CO",
 keywords = {Wave generation and sources},
     year = 2011,
    month = feb,
   volume = 83,
   number = 4,
      eid = {044011},
    pages = {044011},
      doi = {10.1103/PhysRevD.83.044011},
   adsurl = {http://adsabs.harvard.edu/abs/2011PhRvD..83d4011Y},
  adsnote = {Provided by the SAO/NASA Astrophysics Data System}
}

@ARTICLE{Sathyaprakash,
   author = {{Sathyaprakash}, B.~S. and {Schutz}, B.~F.},
    title = "{Physics, Astrophysics and Cosmology with Gravitational Waves}",
  journal = {Living Reviews in Relativity},
archivePrefix = "arXiv",
   eprint = {0903.0338},
 primaryClass = "gr-qc",
 keywords = {Gravitational waves, Gravitational wave sources, Gravitational wave detectors, Data analysis},
     year = 2009,
    month = mar,
   volume = 12,
    pages = {2},
   adsurl = {http://adsabs.harvard.edu/abs/2009LRR....12....2S},
  adsnote = {Provided by the SAO/NASA Astrophysics Data System}
}

@ARTICLE{VIRGOwebsite,
   author = {https://wwwcascina.virgo.infn.it/advirgo/},
 keywords = {AdV reference sensitivity curve 12 May 2010, see proposal VIR - 0337 A - 10},
     year = 2013,
    month = mar,
}

@ARTICLE{KAGRAwebsite,
   author = {http://gwcenter.icrr.u-tokyo.ac.jp/en/researcher/parameter},
 keywords = {},
     year = 2013,
    month = mar,
}

@ARTICLE{eLISAyellowbook,
   author = {eLISA yellow book},
 journal = {\url{http://www.elisa-ngo.org/news/news-yellow-book}},
     year = 2012
}

@ARTICLE{FinnThorne,
   author = {{Finn}, L.~S. and {Thorne}, K.~S.},
    title = "{Gravitational waves from a compact star in a circular, inspiral orbit, in the equatorial plane of a massive, spinning black hole, as observed by LISA}",
  journal = {prd},
   eprint = {arXiv:gr-qc/0007074},
 keywords = {Wave generation and sources, Gravitational wave detectors and experiments, Black holes},
     year = 2000,
    month = dec,
   volume = 62,
   number = 12,
      eid = {124021},
    pages = {124021},
      doi = {10.1103/PhysRevD.62.124021},
   adsurl = {http://adsabs.harvard.edu/abs/2000PhRvD..62l4021F},
  adsnote = {Provided by the SAO/NASA Astrophysics Data System}
}

@ARTICLE{2002A&A...393..523D,
   author = {{Dimmelmeier}, H. and {Font}, J.~A. and {M{\"u}ller}, E.},
    title = "{Relativistic simulations of rotational core collapse II. Collapse dynamics and gravitational radiation}",
  journal = {\aa},
   eprint = {arXiv:astro-ph/0204289},
 keywords = {gravitation, gravitational waves, hydrodynamics, stars: neutron, stars: rotation, stars: supernovae: general},
     year = 2002,
    month = oct,
   volume = 393,
    pages = {523-542},
      doi = {10.1051/0004-6361:20021053},
   adsurl = {http://adsabs.harvard.edu/abs/2002A%26A...393..523D},
  adsnote = {Provided by the SAO/NASA Astrophysics Data System}
}

@ARTICLE{Nelemans,
   author = {{Nelemans}, G. and {Yungelson}, L.~R. and {Portegies Zwart}, S.~F.},
    title = "{The gravitational wave signal from the Galactic disk population of binaries containing two compact objects}",
  journal = {Astron. Astrophys.},
   eprint = {arXiv:astro-ph/0105221},
 keywords = {GRAVITATIONAL WAVES, STARS: STATISTICS, BINARIES: CLOSE, GALAXY: STELLAR CONTENT},
     year = 2001,
    month = sep,
   volume = 375,
    pages = {890-898},
      doi = {10.1051/0004-6361:20010683},
   adsurl = {http://adsabs.harvard.edu/abs/2001A%26A...375..890N},
  adsnote = {Provided by the SAO/NASA Astrophysics Data System}
}

     @BOOK{Thorne1987,
	author = {{Thorne}, K.~S.},
	editor = {{Hawking}, S. and {Israel}, W.},
	title  = "{300 Years of Gravitation}",
	publisher = {Cambridge: Cambridge Univ. Press},
	year = 1987,
	pages = {330},
}

@BOOK{MTW,
   author = {{Misner}, C.~W. and {Thorne}, K.~S. and {Wheeler}, J.~A.},
    title = "{Gravitation}",
booktitle = {San Francisco: W.H.~Freeman and Co., 1973},
     year = 1973,
   adsurl = {http://adsabs.harvard.edu/abs/1973grav.book.....M},
  adsnote = {Provided by the SAO/NASA Astrophysics Data System}
}

@ARTICLE{petersmathews1963,
   author = {{Peters}, P.~C. and {Mathews}, J.},
    title = "{Gravitational Radiation from Point Masses in a Keplerian Orbit}",
  journal = {Physical Review},
     year = 1963,
    month = jul,
   volume = 131,
    pages = {435-440},
      doi = {10.1103/PhysRev.131.435},
   adsurl = {http://adsabs.harvard.edu/abs/1963PhRv..131..435P},
  adsnote = {Provided by the SAO/NASA Astrophysics Data System}
}

@ARTICLE{CBC,
   author = {{Abadie}, J. and {Abbott}, B.~P. and {Abbott}, R. and {Abbott}, T.~D. and 
	{Abernathy}, M. and {Accadia}, T. and {Acernese}, F. and {Adams}, C. and 
	{Adhikari}, R. and {Affeldt}, C. and et al.},
    title = "{Search for gravitational waves from low mass compact binary coalescence in LIGO's sixth science run and Virgo's science runs 2 and 3}",
  journal = {prd},
archivePrefix = "arXiv",
   eprint = {1111.7314},
 primaryClass = "gr-qc",
 keywords = {Wave generation and sources, Experimental tests of gravitational theories},
     year = 2012,
    month = apr,
   volume = 85,
   number = 8,
      eid = {082002},
    pages = {082002},
      doi = {10.1103/PhysRevD.85.082002},
   adsurl = {http://adsabs.harvard.edu/abs/2012PhRvD..85h2002A},
  adsnote = {Provided by the SAO/NASA Astrophysics Data System}
}
@ARTICLE{Bursts,
   author = {{Abadie}, J. and {Abbott}, B.~P. and {Abbott}, R. and {Abbott}, T.~D. and 
	{Abernathy}, M. and {Accadia}, T. and {Acernese}, F. and {Adams}, C. and 
	{Adhikari}, R. and {Affeldt}, C. and et al.},
    title = "{All-sky search for gravitational-wave bursts in the second joint LIGO-Virgo run}",
  journal = {prd},
archivePrefix = "arXiv",
   eprint = {1202.2788},
 primaryClass = "gr-qc",
 keywords = {Gravitational radiation, magnetic fields, and other observations, Gravitational wave detectors and experiments, Data analysis: algorithms and implementation; data management, Relativity and gravitation},
     year = 2012,
    month = jun,
   volume = 85,
   number = 12,
      eid = {122007},
    pages = {122007},
      doi = {10.1103/PhysRevD.85.122007},
   adsurl = {http://adsabs.harvard.edu/abs/2012PhRvD..85l2007A},
  adsnote = {Provided by the SAO/NASA Astrophysics Data System}
}
@ARTICLE{Einstein@Home,
   author = {{Aasi}, J. and {Abadie}, J. and {Abbott}, B.~P. and {Abbott}, R. and 
	{Abbott}, T.~D. and {Abernathy}, M. and {Accadia}, T. and {Acernese}, F. and 
	{Adams}, C. and {Adams}, T. and et al.},
    title = "{Einstein@Home all-sky search for periodic gravitational waves in LIGO S5 data}",
  journal = {prd},
archivePrefix = "arXiv",
   eprint = {1207.7176},
 primaryClass = "gr-qc",
 keywords = {Gravitational wave detectors and experiments, Gravitational radiation detectors; mass spectrometers; and other instrumentation and techniques, Pulsars, Data analysis: algorithms and implementation; data management},
     year = 2013,
    month = feb,
   volume = 87,
   number = 4,
      eid = {042001},
    pages = {042001},
      doi = {10.1103/PhysRevD.87.042001},
   adsurl = {http://adsabs.harvard.edu/abs/2013PhRvD..87d2001A},
  adsnote = {Provided by the SAO/NASA Astrophysics Data System}
}
@ARTICLE{1993PhRvD..47.2198F,
   author = {{Finn}, L.~S. and {Chernoff}, D.~F.},
    title = "{Observing binary inspiral in gravitational radiation: One interferometer}",
  journal = {prd},
   eprint = {arXiv:gr-qc/9301003},
 keywords = {Neutron stars, Astrometric and interferometric binaries},
     year = 1993,
    month = mar,
   volume = 47,
    pages = {2198-2219},
      doi = {10.1103/PhysRevD.47.2198},
   adsurl = {http://adsabs.harvard.edu/abs/1993PhRvD..47.2198F},
  adsnote = {Provided by the SAO/NASA Astrophysics Data System}
}

@ARTICLE{2010CQGra..27h4006H,
   author = {{Harry}, G.~M.},
collaboration = {The LIGO Scientific Collabortation},
    title = "{Advanced LIGO: the next generation of gravitational wave detectors}",
  journal = {Classical and Quantum Gravity},
     year = 2010,
    month = apr,
   volume = 27,
   number = 8,
      eid = {084006},
    pages = {084006},
      doi = {10.1088/0264-9381/27/8/084006},
   adsurl = {http://adsabs.harvard.edu/abs/2010CQGra..27h4006H},
  adsnote = {Provided by the SAO/NASA Astrophysics Data System}
}

@ARTICLE{1990ApJ361300F,
   author = {{Foster}, R.~S. and {Backer}, D.~C.},
    title = "{Constructing a pulsar timing array}",
  journal = {apj},
 keywords = {ATOMIC CLOCKS, ERROR ANALYSIS, PULSARS, TIME MEASURING INSTRUMENTS, TIME SIGNALS, EARTH ROTATION, GRAVITATIONAL WAVES, POLYNOMIALS, TELESCOPES, TIME MEASUREMENT},
     year = 1990,
    month = sep,
   volume = 361,
    pages = {300-308},
      doi = {10.1086/169195},
   adsurl = {http://adsabs.harvard.edu/abs/1990ApJ...361..300F},
  adsnote = {Provided by the SAO/NASA Astrophysics Data System}
}


@article{Ott2009,
	title = {The gravitational-wave signature of core-collapse supernovae},
	volume = {26},
	issn = {0264-9381},
	url = {http://iopscience.iop.org/0264-9381/26/6/063001},
	doi = {10.1088/0264-9381/26/6/063001},
	abstract = {We review the ensemble of anticipated gravitational-wave ({GW}) emission processes in stellar core collapse and postbounce core-collapse supernova evolution. We discuss recent progress in the modeling of these processes and summarize most recent {GW} signal estimates. In addition, we present new results on the {GW} emission from postbounce convective overturn and protoneutron star g-mode pulsations based on axisymmetric radiation-hydrodynamic calculations. Galactic core-collapse supernovae are very rare events, but within 3â€“5 Mpc from Earth, the rate jumps to 1 in {\textasciitilde}2 years. Using the set of currently available theoretical gravitational waveforms, we compute upper-limit optimal signal-to-noise ratios based on current and advanced {LIGO}/{GEO}600/{VIRGO} noise curves for the recent {SN} 2008bk which exploded at {\textasciitilde}3.9 Mpc. While initial {LIGOs} cannot detect {GWs} emitted by core-collapse events at such a distance, we find that advanced {LIGO}-class detectors could put significant upper limits on the {GW} emission strength for such events. We study the potential occurrence of the various {GW} emission processes in particular supernova explosion scenarios and argue that the {GW} signatures of neutrino-driven, magneto-rotational, and acoustically-driven core-collapse {SNe} may be mutually exclusive. We suggest that even initial {LIGOs} could distinguish these explosion mechanisms based on the detection (or non-detection) of {GWs} from a galactic core-collapse supernova.},
	language = {en},
	number = {6},
	urldate = {2014-06-30},
	journal = {Classical and Quantum Gravity},
	author = {Ott, Christian D.},
	month = mar,
	year = {2009},
	pages = {063001}
}


@article{Klimenko2008,
	title = {A coherent method for detection of gravitational wave bursts},
	volume = {25},
	issn = {0264-9381},
	url = {http://iopscience.iop.org/0264-9381/25/11/114029},
	doi = {10.1088/0264-9381/25/11/114029},
	abstract = {We describe a coherent network algorithm for detection and reconstruction of gravitational wave bursts. The algorithm works for two and more arbitrarily aligned detectors and can be used for both all-sky and triggered burst searches. We describe the main components of the algorithm, including the time-frequency analysis in a wavelet domain, construction of the likelihood time-frequency maps, and identification and selection of burst events.},
	language = {en},
	number = {11},
	urldate = {2014-06-30},
	journal = {Classical and Quantum Gravity},
	author = {Klimenko, S. and Yakushin, I. and Mercer, A. and Mitselmakher, G.},
	month = jun,
	year = {2008},
	pages = {114029}
}

@ARTICLE{anholm-2009,
   author = {{Anholm}, M. and {Ballmer}, S. and {Creighton}, J.~D.~E. and 
	{Price}, L.~R. and {Siemens}, X.},
    title = "{Optimal strategies for gravitational wave stochastic background searches in pulsar timing data}",
  journal = {prd},
archivePrefix = "arXiv",
   eprint = {0809.0701},
 primaryClass = "gr-qc",
 keywords = {Wave generation and sources, Gravitational wave detectors and experiments},
     year = 2009,
    month = apr,
   volume = 79,
   number = 8,
      eid = {084030},
    pages = {084030},
      doi = {10.1103/PhysRevD.79.084030},
   adsurl = {http://adsabs.harvard.edu/abs/2009PhRvD..79h4030A},
  adsnote = {Provided by the SAO/NASA Astrophysics Data System}
}

@article{Chatterji2004,
	title = {Multiresolution techniques for the detection of gravitational-wave bursts},
	volume = {21},
	issn = {0264-9381},
	url = {http://iopscience.iop.org/0264-9381/21/20/024},
	doi = {10.1088/0264-9381/21/20/024},
	abstract = {We present two search algorithms that implement logarithmic tiling of the timeâ€“frequency plane in order to efficiently detect astrophysically unmodelled bursts of gravitational radiation. The first is a straightforward application of the dyadic wavelet transform. The second is a modification of the windowed Fourier transform which tiles the timeâ€“frequency plane for a specific Q. In addition, we also demonstrate adaptive whitening by linear prediction, which greatly simplifies our statistical analysis. This is a methodology paper that aims to describe the techniques for identifying significant events as well as the necessary pre-processing that is required in order to improve their performance. For this reason we use simulated {LIGO} noise in order to illustrate the methods and to present their preliminary performance.},
	language = {en},
	number = {20},
	urldate = {2014-06-30},
	journal = {Classical and Quantum Gravity},
	author = {Chatterji, S. and Blackburn, L. and Martin, G. and Katsavounidis, E.},
	month = oct,
	year = {2004},
	pages = {S1809}
}

@ARTICLE{MooreTaylorGair,
   author = {{Moore}, C.~J. and {Taylor}, S.~R. and {Gair}, J.~R.},
    title = "{Estimating the sensitivity of pulsar timing arrays}",
  journal = {ArXiv e-prints},
archivePrefix = "arXiv",
   eprint = {1406.5199},
 primaryClass = "astro-ph.IM",
 keywords = {Astrophysics - Instrumentation and Methods for Astrophysics, Astrophysics - High Energy Astrophysical Phenomena, General Relativity and Quantum Cosmology},
     year = 2014,
    month = jun,
   adsurl = {http://adsabs.harvard.edu/abs/2014arXiv1406.5199M},
  adsnote = {Provided by the SAO/NASA Astrophysics Data System}
}

@ARTICLE{2006CQGra..23S.809S,
   author = {{Stroeer}, A. and {Vecchio}, A.},
    title = "{The LISA verification binaries}",
  journal = {Classical and Quantum Gravity},
   eprint = {astro-ph/0605227},
     year = 2006,
    month = oct,
   volume = 23,
    pages = {809},
      doi = {10.1088/0264-9381/23/19/S19},
   adsurl = {http://adsabs.harvard.edu/abs/2006CQGra..23S.809S},
  adsnote = {Provided by the SAO/NASA Astrophysics Data System}
}
@ARTICLE{2008CQGra..25k4043G,
   author = {{Grote}, H. and {LIGO Scientific Collaboration}},
    title = "{The status of GEO 600}",
  journal = {Classical and Quantum Gravity},
     year = 2008,
    month = jun,
   volume = 25,
   number = 11,
      eid = {114043},
    pages = {114043},
      doi = {10.1088/0264-9381/25/11/114043},
   adsurl = {http://adsabs.harvard.edu/abs/2008CQGra..25k4043G},
  adsnote = {Provided by the SAO/NASA Astrophysics Data System}
}
@ARTICLE{2002CQGra..19.1409A,
   author = {{Ando}, M. and {TAMA Collaboration}},
    title = "{Current status of TAMA}",
  journal = {Classical and Quantum Gravity},
     year = 2002,
    month = apr,
   volume = 19,
    pages = {1409-1419},
      doi = {10.1088/0264-9381/19/7/324},
   adsurl = {http://adsabs.harvard.edu/abs/2002CQGra..19.1409A},
  adsnote = {Provided by the SAO/NASA Astrophysics Data System}
}
@ARTICLE{2009RPPh...72g6901A,
   author = {{Abbott}, B.~P. and {Abbott}, R. and {Adhikari}, R. and {Ajith}, P. and 
	{Allen}, B. and {Allen}, G. and {Amin}, R.~S. and {Anderson}, S.~B. and 
	{Anderson}, W.~G. and {Arain}, M.~A. and et al.},
    title = "{LIGO: the Laser Interferometer Gravitational-Wave Observatory}",
  journal = {Reports on Progress in Physics},
archivePrefix = "arXiv",
   eprint = {0711.3041},
 primaryClass = "gr-qc",
     year = 2009,
    month = jul,
   volume = 72,
   number = 7,
      eid = {076901},
    pages = {076901},
      doi = {10.1088/0034-4885/72/7/076901},
   adsurl = {http://adsabs.harvard.edu/abs/2009RPPh...72g6901A},
  adsnote = {Provided by the SAO/NASA Astrophysics Data System}
}
@article{accadia_virgo:2012,
	title = {Virgo: a laser interferometer to detect gravitational waves},
	volume = {7},
	issn = {1748-0221},
	shorttitle = {Virgo},
	url = {http://iopscience.iop.org/1748-0221/7/03/P03012},
	doi = {10.1088/1748-0221/7/03/P03012},
	number = {03},
	urldate = {2012-06-29},
	journal = {Journal of Instrumentation},
	author = {Accadia, T and Acernese, F and Alshourbagy, M and Amico, P and Antonucci, F and Aoudia, S and Arnaud, N and Arnault, C and Arun, K G and Astone, P and Avino, S and Babusci, D and Ballardin, G and Barone, F and Barrand, G and Barsotti, L and Barsuglia, M and Basti, A and Bauer, Th S and Beauville, F and Bebronne, M and Bejger, M and Beker, M G and Bellachia, F and Belletoile, A and Beney, J L and Bernardini, M and Bigotta, S and Bilhaut, R and Birindelli, S and Bitossi, M and Bizouard, M A and Blom, M and Boccara, C and Boget, D and Bondu, F and Bonelli, L and Bonnand, R and Boschi, V and Bosi, L and Bouedo, T and Bouhou, B and Bozzi, A and Bracci, L and Braccini, S and Bradaschia, C and Branchesi, M and Briant, T and Brillet, A and Brisson, V and Brocco, L and Bulik, T and Bulten, H J and Buskulic, D and Buy, C and Cagnoli, G and Calamai, G and Calloni, E and Campagna, E and Canuel, B and Carbognani, F and Carbone, L and Cavalier, F and Cavalieri, R and Cecchi, R and Cella, G and Cesarini, E and Chassande-Mottin, E and Chatterji, S and Chiche, R and Chincarini, A and Chiummo, A and Christensen, N and Clapson, A C and Cleva, F and Coccia, E and Cohadon, P -F and Colacino, C N and Colas, J and Colla, A and Colombini, M and Conforto, G and Corsi, A and Cortese, S and Cottone, F and Coulon, J -P and Cuoco, E and D'Antonio, S and Daguin, G and Dari, A and Dattilo, V and David, P Y and Davier, M and Day, R and Debreczeni, G and Carolis, G De and Dehamme, M and Fabbro, R Del and Pozzo, W Del and Prete, M del and Derome, L and Rosa, R De and DeSalvo, R and Dialinas, M and Fiore, L Di and Lieto, A Di and Emilio, M Di Paolo and Virgilio, A Di and Dietz, A and Doets, M and Dominici, P and Dominjon, A and Drago, M and Drezen, C and Dujardin, B and Dulach, B and Eder, C and Eleuteri, A and Enard, D and Evans, M and Fabbroni, L and Fafone, V and Fang, H and Ferrante, I and Fidecaro, F and Fiori, I and Flaminio, R and Forest, D and Forte, L A and Fournier, J -D and Fournier, L and Franc, J and Francois, O and Frasca, S and Frasconi, F and Freise, A and Gaddi, A and Galimberti, M and Gammaitoni, L and Ganau, P and Garnier, C and Garufi, F and GÃ¡spÃ¡r, M E and Gemme, G and Genin, E and Gennai, A and Gennaro, G and Giacobone, L and Giazotto, A and Giordano, G and Giordano, L and Girard, C and Gouaty, R and Grado, A and Granata, M and Granata, V and Grave, X and Greverie, C and Groenstege, H and Guidi, G M and Hamdani, S and Hayau, J -F and Hebri, S and Heidmann, A and Heitmann, H and Hello, P and Hemming, G and Hennes, E and Hermel, R and Heusse, P and Holloway, L and Huet, D and Iannarelli, M and Jaranowski, P and Jehanno, D and Journet, L and Karkar, S and Ketel, T and Voet, H and Kovalik, J and Kowalska, I and Kreckelbergh, S and Krolak, A and Lacotte, J C and Lagrange, B and Penna, P La and Laval, M and Marec, J C Le and Leroy, N and Letendre, N and Li, T G F and Lieunard, B and Liguori, N and Lodygensky, O and Lopez, B and Lorenzini, M and Loriette, V and Losurdo, G and Loupias, M and Mackowski, J M and Maiani, T and Majorana, E and MagazzÃ¹, C and Maksimovic, I and Malvezzi, V and Man, N and Mancini, S and Mansoux, B and Mantovani, M and Marchesoni, F and Marion, F and Marin, P and Marque, J and Martelli, F and Masserot, A and Massonnet, L and Matone, G and Matone, L and Mazzoni, M and Menzinger, F and Michel, C and Milano, L and Minenkov, Y and Mitra, S and Mohan, M and Montorio, J -L and Morand, R and Moreau, F and Moreau, J and Morgado, N and Morgia, A and Mosca, S and Moscatelli, V and Mours, B and Mugnier, P and Mul, F -A and Naticchioni, L and Neri, I and Nocera, F and Pacaud, E and Pagliaroli, G and Pai, A and Palladino, L and Palomba, C and Paoletti, F and Paoletti, R and Paoli, A and Pardi, S and Parguez, G and Parisi, M and Pasqualetti, A and Passaquieti, R and Passuello, D and Perciballi, M and Perniola, B and Persichetti, G and Petit, S and Pichot, M and Piergiovanni, F and Pietka, M and Pignard, R and Pinard, L and Poggiani, R and Popolizio, P and Pradier, T and Prato, M and Prodi, G A and Punturo, M and Puppo, P and Qipiani, K and Rabaste, O and Rabeling, D S and RÃ¡cz, I and Raffaelli, F and Rapagnani, P and Rapisarda, S and Re, V and Reboux, A and Regimbau, T and Reita, V and Remilleux, A and Ricci, F and Ricciardi, I and Richard, F and Ripepe, M and Robinet, F and Rocchi, A and Rolland, L and Romano, R and RosiÅ„ska, D and Roudier, P and Ruggi, P and Russo, G and Salconi, L and Sannibale, V and Sassolas, B and Sentenac, D and Solimeno, S and Sottile, R and Sperandio, L and Stanga, R and Sturani, R and Swinkels, B and Tacca, M and Taddei, R and Taffarello, L and Tarallo, M and Tissot, S and Toncelli, A and Tonelli, M and Torre, O and Tournefier, E and Travasso, F and Tremola, C and Turri, E and Vajente, G and Brand, J F J van den and Broeck, C Van Den and Putten, S van der and Vasuth, M and Vavoulidis, M and Vedovato, G and Verkindt, D and Vetrano, F and VÃ©ziant, O and VicerÃ©, A and Vinet, J -Y and Vilalte, S and Vitale, S and Vocca, H and Ward, R L and Was, M and Yamamoto, K and Yvert, M and Zendri, J -P and Zhang, Z},
	month = mar,
	year = {2012},
	pages = {03012}
}
@ARTICLE{2012CQGra..29l4007S,
   author = {{Somiya}, K.},
    title = "{Detector configuration of KAGRA-the Japanese cryogenic gravitational-wave detector}",
  journal = {Classical and Quantum Gravity},
archivePrefix = "arXiv",
   eprint = {1111.7185},
 primaryClass = "gr-qc",
     year = 2012,
    month = jun,
   volume = 29,
   number = 12,
      eid = {124007},
    pages = {124007},
      doi = {10.1088/0264-9381/29/12/124007},
   adsurl = {http://adsabs.harvard.edu/abs/2012CQGra..29l4007S},
  adsnote = {Provided by the SAO/NASA Astrophysics Data System}
}
@techreport{Acernese2009,
   author = {Acernese, F. and others},
   collaboration = {The Virgo Collaboration},
   title = {Advanced Virgo Baseline Design},
   type = {Virgo Technical Report},
   number = {VIR-0027A-09},
   url={http://tds.ego-gw.it/itf/tds/file.php?callFile=VIR-0027A-09.pdf},
   year = {2009}
}
@ARTICLE{2011CQGra..28i4013H,
   author = {{Hild}, S. and {Abernathy}, M. and {Acernese}, F. and {Amaro-Seoane}, P. and 
	{Andersson}, N. and {Arun}, K. and {Barone}, F. and {Barr}, B. and 
	{Barsuglia}, M. and {Beker}, M. and {Beveridge}, N. and {Birindelli}, S. and 
	{Bose}, S. and {Bosi}, L. and {Braccini}, S. and {Bradaschia}, C. and 
	{Bulik}, T. and {Calloni}, E. and {Cella}, G. and {Chassande Mottin}, E. and 
	{Chelkowski}, S. and {Chincarini}, A. and {Clark}, J. and {Coccia}, E. and 
	{Colacino}, C. and {Colas}, J. and {Cumming}, A. and {Cunningham}, L. and 
	{Cuoco}, E. and {Danilishin}, S. and {Danzmann}, K. and {De Salvo}, R. and 
	{Dent}, T. and {De Rosa}, R. and {Di Fiore}, L. and {Di Virgilio}, A. and 
	{Doets}, M. and {Fafone}, V. and {Falferi}, P. and {Flaminio}, R. and 
	{Franc}, J. and {Frasconi}, F. and {Freise}, A. and {Friedrich}, D. and 
	{Fulda}, P. and {Gair}, J. and {Gemme}, G. and {Genin}, E. and 
	{Gennai}, A. and {Giazotto}, A. and {Glampedakis}, K. and {Gr{\"a}f}, C. and 
	{Granata}, M. and {Grote}, H. and {Guidi}, G. and {Gurkovsky}, A. and 
	{Hammond}, G. and {Hannam}, M. and {Harms}, J. and {Heinert}, D. and 
	{Hendry}, M. and {Heng}, I. and {Hennes}, E. and {Hough}, J. and 
	{Husa}, S. and {Huttner}, S. and {Jones}, G. and {Khalili}, F. and 
	{Kokeyama}, K. and {Kokkotas}, K. and {Krishnan}, B. and {Li}, T.~G.~F. and 
	{Lorenzini}, M. and {L{\"u}ck}, H. and {Majorana}, E. and {Mandel}, I. and 
	{Mandic}, V. and {Mantovani}, M. and {Martin}, I. and {Michel}, C. and 
	{Minenkov}, Y. and {Morgado}, N. and {Mosca}, S. and {Mours}, B. and 
	{M{\"u}ller{\textendash}Ebhardt}, H. and {Murray}, P. and {Nawrodt}, R. and 
	{Nelson}, J. and {Oshaughnessy}, R. and {Ott}, C.~D. and {Palomba}, C. and 
	{Paoli}, A. and {Parguez}, G. and {Pasqualetti}, A. and {Passaquieti}, R. and 
	{Passuello}, D. and {Pinard}, L. and {Plastino}, W. and {Poggiani}, R. and 
	{Popolizio}, P. and {Prato}, M. and {Punturo}, M. and {Puppo}, P. and 
	{Rabeling}, D. and {Rapagnani}, P. and {Read}, J. and {Regimbau}, T. and 
	{Rehbein}, H. and {Reid}, S. and {Ricci}, F. and {Richard}, F. and 
	{Rocchi}, A. and {Rowan}, S. and {R{\"u}diger}, A. and {Santamar{\'{\i}}a}, L. and 
	{Sassolas}, B. and {Sathyaprakash}, B. and {Schnabel}, R. and 
	{Schwarz}, C. and {Seidel}, P. and {Sintes}, A. and {Somiya}, K. and 
	{Speirits}, F. and {Strain}, K. and {Strigin}, S. and {Sutton}, P. and 
	{Tarabrin}, S. and {Th{\"u}ring}, A. and {van den Brand}, J. and 
	{van Veggel}, M. and {van den Broeck}, C. and {Vecchio}, A. and 
	{Veitch}, J. and {Vetrano}, F. and {Vicere}, A. and {Vyatchanin}, S. and 
	{Willke}, B. and {Woan}, G. and {Yamamoto}, K.},
    title = "{Sensitivity studies for third-generation gravitational wave observatories}",
  journal = {Classical and Quantum Gravity},
archivePrefix = "arXiv",
   eprint = {1012.0908},
 primaryClass = "gr-qc",
     year = 2011,
    month = may,
   volume = 28,
   number = 9,
      eid = {094013},
    pages = {094013},
      doi = {10.1088/0264-9381/28/9/094013},
   adsurl = {http://adsabs.harvard.edu/abs/2011CQGra..28i4013H},
  adsnote = {Provided by the SAO/NASA Astrophysics Data System}
}
